% programación paralela

@Book{Almeida2008,
  Title                    = {{I}ntroducción a la {P}rogramación {Paralela}},
  Author                   = {F. Almeida and D. Gimenez and Jose Miguel Mantas and A.M. Vidal},
  Editor                   = {Paraninfo Cengage Learning},
  Publisher                = {Paraninfo},
  Year                     = {2008}
}

@Book{kirk2012,
  Title                    = {{P}rogramming {M}assively {P}arallel {P}Proccesors, Second Edition: A Hands-on Approach},
  Author                   = {David B. Kirk},
  Editor                   = {Morgan Kaufmann},
  Publisher                = {Morgan Kaufmann},
  Year                     = {2012}
}

@Book{Kumar2003,
  Title                    = {{I}ntroduction to {P}arallel {C}omputing},
  Author                   = {V. Kumar},
  Editor                   = {Benjamin/Cummings Publishing Company},
  Publisher                = {Benjamin/Cummings Publishing Company},
  Year                     = {2003}
}